<?xml version="1.0" encoding="UTF-8"?><collection xmlns="http://www.loc.gov/MARC21/slim"><record><leader>00552nam--2200193-i-4500</leader><controlfield tag="001">000002673</controlfield><controlfield tag="002">20161230</controlfield><controlfield tag="005">20161230201025</controlfield><controlfield tag="008">060222s1000------------r-----000-0-eng-d</controlfield><datafield ind1=" " ind2=" " tag="040"><subfield code="a">IFIN-HH</subfield></datafield><datafield ind1=" " ind2=" " tag="080"><subfield code="a">535.352</subfield></datafield><datafield ind1="1" ind2=" " tag="100"><subfield code="a">Massey, H.S.W</subfield></datafield><datafield ind1="1" ind2="0" tag="245"><subfield code="a">Electronic and ionic impact phenomena</subfield><subfield code="c">H.s.w. massey, e.h.s. burhop</subfield></datafield><datafield ind1=" " ind2=" " tag="260"><subfield code="a">Oxford</subfield><subfield code="b">Clarendon Press</subfield><subfield code="c">1952</subfield></datafield><datafield ind1=" " ind2=" " tag="300"><subfield code="a">XVIII + 669 P</subfield></datafield><datafield ind1=" " ind2=" " tag="490"><subfield code="a">The International Series Of Monographs On Physics</subfield></datafield><datafield ind1="1" ind2=" " tag="700"><subfield code="a">Burhop, E.H.S</subfield></datafield><datafield ind1=" " ind2=" " tag="852"><subfield code="a">10089</subfield><subfield code="c">537.533</subfield></datafield><datafield ind1=" " ind2=" " tag="CAT"><subfield code="a">Sys</subfield><subfield code="c">20110812</subfield><subfield code="h">124831</subfield></datafield></record></collection>